@INPROCEEDINGS{Geiger2012CVPR,
	author = {Andreas Geiger and Philip Lenz and Raquel Urtasun},
	title = {Are we ready for Autonomous Driving? The KITTI Vision Benchmark Suite},
	booktitle = {Conference on Computer Vision and Pattern Recognition (CVPR)},
	year = {2012}
}

@inproceedings{pointatme,
  title={{PointAtMe: Efficient 3D Point Cloud Labeling in Virtual Reality}},
  author={Wirth, Florian and Quchl, Jannik and Ota, Jeffrey and Stiller, Christoph},
  booktitle={2019 IEEE Intelligent Vehicles Symposium (IV)},
  pages={1693--1698},
  year={2019},
  organization={IEEE}
}

@online{LabelMe3D,
    author = " MIT, Computer Science and Artificial Intelligence Laboratory.",
    title = "{LabelMe3D. [Online]}",
    howpublished = "\url{http://labelme.csail.mit.edu/Release3.0/}",
  }

@online{SUPERVISELY,
    author = "Deep Systems LLC.",
     title = "{SUPERVISELY. [Online]}",
    howpublished = "\url{https://supervise.ly/}",
  }


  @online{Playment,
    author = "Playment Inc.",
    title = "{Playment. [Online]}",
    howpublished = "\url{https://playment.io/}",
  }

@online{scale,
    author = "Scale AI, Inc.",
     title = "{scale. [Online]}",
    howpublished = "\url{https://scale.com/sensor-fusion-cuboids}",
  }

@article{wang2019apolloscape,
  title={The apolloscape open dataset for autonomous driving and its application},
  author={Wang, Peng and Huang, Xinyu and Cheng, Xinjing and Zhou, Dingfu and Geng, Qichuan and Yang, Ruigang},
  journal={IEEE transactions on pattern analysis and machine intelligence},
  year={2019},
  publisher={IEEE}
} 

@article{wilkes20123dVR,

  title={{3d user interfaces using tracked multi-touch mobile devices}},
  author={Wilkes, Curtis B and Tilden, Dan and Bowman, Doug A},
  year={2012},
  publisher={The Eurographics Association}
}

@article{coffey2011interactiveVR,
  title={{Interactive slice WIM: Navigating and interrogating volume data sets using a multisurface, multitouch VR interface}},
  author={Coffey, Dane and Malbraaten, Nicholas and Le, Trung Bao and Borazjani, Iman and Sotiropoulos, Fotis and Erdman, Arthur G and Keefe, Daniel F},
  journal={IEEE Transactions on Visualization and Computer Graphics},
  volume={18},
  number={10},
  pages={1614--1626},
  year={2011},
  publisher={IEEE}
}

@article{zhangzhegnyou,
  title={{A flexible new technique for camera calibration}},
  author={Zhang, Zhengyou},
  journal={IEEE Transactions on pattern analysis and machine intelligence},
  volume={22},
  year={2000}
}

@article{roadCalibration,
  title={{The Road is Enough! Extrinsic Calibration of Non-overlapping Stereo Camera and LiDAR using Road Information}},
  author={Jeong, Jinyong and Cho, Younghun and Kim, Ayoung},
  journal={IEEE Robotics and Automation Letters},
  volume={4},
  number={3},
  pages={2831--2838},
  year={2019},
  publisher={IEEE}
}

@inproceedings{monica2017multi,
  title={{Multi-label point cloud annotation by selection of sparse control points}},
  author={Monica, Riccardo and Aleotti, Jacopo and Zillich, Michael and Vincze, Markus},
  booktitle={2017 International Conference on 3D Vision (3DV)},
  pages={301--308},
  year={2017},
  organization={IEEE}
}

@article{yu2012efficient,
  title={{Efficient structure-aware selection techniques for 3D point cloud visualizations with 2DOF input}},
  author={Yu, Lingyun and Efstathiou, Konstantinos and Isenberg, Petra and Isenberg, Tobias},
  journal={IEEE Transactions on Visualization and Computer Graphics},
  volume={18},
  number={12},
  pages={2245--2254},
  year={2012},
  publisher={IEEE}
}

@article{Yang2016GoICPAG,
	title={{Go-ICP: A Globally Optimal Solution to 3D ICP Point-Set Registration}},
	author={Jiaolong Yang and Hongdong Li and Dylan Campbell and Yunde Jia},
	journal={IEEE Transactions on Pattern Analysis and Machine Intelligence},
	year={2016},
	volume={38},
	pages={2241-2254}
}

@article{Caesar2019nuScenesAM,
	title={{nuScenes: A multimodal dataset for autonomous driving}},
	author={Holger Caesar and Varun Bankiti and Alex H. Lang and Sourabh Vora and Venice Erin Liong and Qiang Xu and Anush Krishnan and Yu Pan and Giancarlo Baldan and Oscar Beijbom},
	journal={ArXiv},
	year={2019},
	volume={abs/1903.11027}
}

@article{Patil2019TheHD,
	title={{The H3D Dataset for Full-Surround 3D Multi-Object Detection and Tracking in Crowded Urban Scenes}},
	author={Abhishek Patil and Srikanth Malla and Haiming Gang and Yi-Ting Chen},
	journal={2019 International Conference on Robotics and Automation (ICRA)},
	year={2019},
	pages={9552-9557}
}

@article{Zimmer20193DBA,
	title={{3D BAT: A Semi-Automatic, Web-based 3D Annotation Toolbox for Full-Surround, Multi-Modal Data Streams}},
	author={Walter Zimmer and Akshay Rangesh and Mohan Manubhai Trivedi},
	journal={2019 IEEE Intelligent Vehicles Symposium (IV)},
	year={2019},
	pages={1816-1821}
}

@article{Wang2019LATTEAL,
	title={{LATTE: Accelerating LiDAR Point Cloud Annotation via Sensor Fusion, One-Click Annotation, and Tracking}},
	author={Bernie Wang and Virginia Wu and Bichen Wu and Kurt Keutzer},
	journal={2019 IEEE Intelligent Transportation Systems Conference (ITSC)},
	year={2019},
	pages={265-272}
}

@misc{lyft2019,
	title = {{Lyft Level 5 AV Dataset 2019}},
	author = {Kesten, R. and Usman, M. and Houston, J. and Pandya, T. and Nadhamuni, K. and Ferreira, A. and Yuan, M. and Low, B. and Jain, A. and Ondruska, P. and Omari, S. and Shah, S. and Kulkarni, A. and Kazakova, A. and Tao, C. and Platinsky, L. and Jiang, W. and Shet, V.},
	year = {2019},
	howpublished = {url{https://level5.lyft.com/dataset/}}
}

@misc{threejs,
	title = {{Three.js}},
	author = {Ricardo Cabello et al.},
	year = {2010}, 
	howpublished = {url{https://github.com/mrdoob/three.js}}
}

@misc{cherrypy,
	title = {{CherryPy â€” A Minimalist Python Web Framework}},
	author = {Team C.},	
	howpublished = {url{http://www.cherrypy.org}}
}


@inproceedings{PolyRNN++,
title={{Efficient Interactive Annotation of Segmentation Datasets with Polygon-RNN++}},
author={David Acuna and Huan Ling and Amlan Kar and Sanja Fidler},
booktitle={CVPR},
year={2018}
}
